<record><leader>00000cas a2200000 a 4500</leader><controlfield tag="001">36037340</controlfield><controlfield tag="008">961205c19969999nyuwr ne      0   a0eng c</controlfield><datafield ind1=" " ind2=" " tag="010"><subfield code="a">sn 96027718 </subfield></datafield><datafield ind1=" " ind2=" " tag="040"><subfield code="a">FUG</subfield><subfield code="b">eng</subfield><subfield code="c">FUG</subfield><subfield code="d">NSD</subfield><subfield code="d">NYS</subfield><subfield code="d">OCLCQ</subfield><subfield code="d">OCLCF</subfield><subfield code="d">OCLCO</subfield></datafield><datafield ind1=" " ind2=" " tag="012"><subfield code="m">0</subfield></datafield><datafield ind1="1" ind2=" " tag="022"><subfield code="a">1523-4916</subfield><subfield code="l">1523-4916</subfield><subfield code="2">1</subfield></datafield><datafield ind1="1" ind2=" " tag="029"><subfield code="a">AU@</subfield><subfield code="b">000012970984</subfield></datafield><datafield ind1=" " ind2=" " tag="032"><subfield code="a">017244</subfield><subfield code="b">USPS</subfield></datafield><datafield ind1=" " ind2=" " tag="037"><subfield code="b">28 Washington St., Rensselaer, NY 12144</subfield><subfield code="c">$26.00</subfield></datafield><datafield ind1=" " ind2=" " tag="042"><subfield code="a">pcc</subfield><subfield code="a">nsdp</subfield></datafield><datafield ind1=" " ind2=" " tag="043"><subfield code="a">n-us-ny</subfield></datafield><datafield ind1=" " ind2="4" tag="222"><subfield code="a">The Rensselaer beacon</subfield></datafield><datafield ind1="0" ind2="4" tag="245"><subfield code="a">The Rensselaer beacon.</subfield></datafield><datafield ind1="3" ind2="0" tag="246"><subfield code="a">Beacon</subfield></datafield><datafield ind1=" " ind2=" " tag="260"><subfield code="a">Rensselaer, NY :</subfield><subfield code="b">Frank J. Ginther,</subfield><subfield code="c">1996-</subfield></datafield><datafield ind1=" " ind2=" " tag="300"><subfield code="a">v. :</subfield><subfield code="b">ill. (some col.) ;</subfield><subfield code="c">44 cm.</subfield></datafield><datafield ind1=" " ind2=" " tag="310"><subfield code="a">Weekly</subfield></datafield><datafield ind1="0" ind2=" " tag="362"><subfield code="a">Vol. 1, no. 1 (Nov. 26, 1996)-</subfield></datafield><datafield ind1=" " ind2=" " tag="500"><subfield code="a">"Voice of the community."</subfield></datafield><datafield ind1=" " ind2=" " tag="500"><subfield code="a">"An official newspaper for the City of Rensselaer."</subfield></datafield><datafield ind1=" " ind2="0" tag="651"><subfield code="a">Rensselaer (N.Y.)</subfield><subfield code="v">Newspapers.</subfield></datafield><datafield ind1=" " ind2="0" tag="651"><subfield code="a">Rensselaer County (N.Y.)</subfield><subfield code="v">Newspapers.</subfield></datafield><datafield ind1=" " ind2="7" tag="655"><subfield code="a">Newspapers.</subfield><subfield code="2">fast</subfield><subfield code="0">(OCoLC)fst01423814</subfield></datafield><datafield ind1=" " ind2="7" tag="651"><subfield code="a">New York (State)</subfield><subfield code="z">Rensselaer.</subfield><subfield code="2">fast</subfield><subfield code="0">(OCoLC)fst01255327</subfield></datafield><datafield ind1=" " ind2="7" tag="651"><subfield code="a">New York (State)</subfield><subfield code="z">Rensselaer County.</subfield><subfield code="2">fast</subfield><subfield code="0">(OCoLC)fst01211827</subfield></datafield><datafield ind1=" " ind2=" " tag="752"><subfield code="a">United States</subfield><subfield code="b">New York</subfield><subfield code="c">Rensselaer</subfield><subfield code="d">Rensselaer.</subfield></datafield><datafield ind1="4" ind2="1" tag="856"><subfield code="u">http://www.rensselaerbeacon.com</subfield></datafield><datafield ind1=" " ind2=" " tag="936"><subfield code="a">Vol. 5, no. 6 (Jan. 2, 2001) LIC</subfield></datafield></record>